<?xml version="1.0" encoding="UTF-8"?><collection xmlns="http://www.loc.gov/MARC21/slim"><record><leader>00354nam--2200121-i-4500</leader><controlfield tag="001">000014881</controlfield><controlfield tag="002">20161230</controlfield><controlfield tag="005">20161230201031</controlfield><controlfield tag="008">060222s1000------------r-----000-0-eng-d</controlfield><datafield ind1=" " ind2=" " tag="100"><subfield code="a">Avewrbach, B. L</subfield></datafield><datafield ind1=" " ind2=" " tag="245"><subfield code="a">Fracture. proceedings of an international conference on the  atomic mechanisms of fracture</subfield></datafield><datafield ind1=" " ind2=" " tag="260"><subfield code="a">New York, 1959 Xvii + 646 P</subfield></datafield><datafield ind1=" " ind2=" " tag="852"><subfield code="a">11508</subfield></datafield></record></collection>